<record><leader>00000cas a22000007a 4500</leader><controlfield tag="001">9226022</controlfield><controlfield tag="008">830215d1875187umauwr ne      0    0eng d</controlfield><datafield ind1=" " ind2=" " tag="010"><subfield code="a">sn 83020031 </subfield></datafield><datafield ind1=" " ind2=" " tag="040"><subfield code="a">NPX</subfield><subfield code="b">eng</subfield><subfield code="c">NPX</subfield><subfield code="d">MGN</subfield><subfield code="d">OCLCQ</subfield></datafield><datafield ind1=" " ind2=" " tag="042"><subfield code="a">msc</subfield></datafield><datafield ind1="0" ind2="0" tag="245"><subfield code="a">Attleboro advocate and Bristol County advertiser.</subfield></datafield><datafield ind1=" " ind2=" " tag="260"><subfield code="a">Attleboro, Mass. :</subfield><subfield code="b">Pratt &amp; Lowe</subfield></datafield><datafield ind1=" " ind2=" " tag="300"><subfield code="a">v. ;</subfield><subfield code="c">56 cm.</subfield></datafield><datafield ind1=" " ind2=" " tag="310"><subfield code="a">Weekly</subfield></datafield><datafield ind1="1" ind2=" " tag="362"><subfield code="a">Began in 1875?</subfield></datafield><datafield ind1=" " ind2=" " tag="500"><subfield code="a">Editors: T.S. Pratt and David S. Lowe, &lt;1875-1876&gt;.</subfield></datafield><datafield ind1=" " ind2=" " tag="588"><subfield code="a">Description based on: Sept. 30, 1876.</subfield></datafield><datafield ind1=" " ind2=" " tag="752"><subfield code="a">United States</subfield><subfield code="b">Massachusetts</subfield><subfield code="c">Bristol</subfield><subfield code="d">Attleboro.</subfield></datafield><datafield ind1="0" ind2="0" tag="785"><subfield code="t">Attleboro advocate</subfield><subfield code="w">(DLC)sn 93059384</subfield></datafield></record>